<record><leader>00000cas a22000007a 4500</leader><controlfield tag="001">20841966</controlfield><controlfield tag="008">900103d19111937mouwr ne      0    0eng d</controlfield><datafield ind1=" " ind2=" " tag="010"><subfield code="a">sn 89067682 </subfield></datafield><datafield ind1=" " ind2=" " tag="040"><subfield code="a">MQN</subfield><subfield code="b">eng</subfield><subfield code="c">MQN</subfield><subfield code="d">OCLCQ</subfield></datafield><datafield ind1=" " ind2=" " tag="042"><subfield code="a">msc</subfield></datafield><datafield ind1="0" ind2="4" tag="245"><subfield code="a">The Houstonia leader.</subfield></datafield><datafield ind1=" " ind2=" " tag="260"><subfield code="a">Houstonia, Mo. :</subfield><subfield code="b">s.n. Allegri</subfield></datafield><datafield ind1=" " ind2=" " tag="300"><subfield code="a">v.</subfield></datafield><datafield ind1=" " ind2=" " tag="310"><subfield code="a">Weekly</subfield></datafield><datafield ind1="1" ind2=" " tag="362"><subfield code="a">Began in 1911? Ceased in 1937?</subfield></datafield><datafield ind1=" " ind2=" " tag="515"><subfield code="a">Numbering changed from years to vols. with v. 25, no. 42 (Oct. 16, 1936).</subfield></datafield><datafield ind1=" " ind2=" " tag="588"><subfield code="a">Description based on: 19th year, no. 46 (Nov. 14, 1930).</subfield></datafield><datafield ind1=" " ind2=" " tag="752"><subfield code="a">United States</subfield><subfield code="b">Missouri</subfield><subfield code="c">Pettis</subfield><subfield code="d">Houstonia.</subfield></datafield><datafield ind1="0" ind2="5" tag="780"><subfield code="t">Spectator (Houstonia, Mo.)</subfield></datafield></record>